<?xml version="1.0" encoding="UTF-8"?><collection xmlns="http://www.loc.gov/MARC21/slim"><record><leader>00407nam--2200145-i-4500</leader><controlfield tag="001">000042257</controlfield><controlfield tag="002">20161230</controlfield><controlfield tag="005">20161230201043</controlfield><controlfield tag="008">060222s1000------------r-----000-0-eng-d</controlfield><datafield ind1=" " ind2=" " tag="080"><subfield code="a">621.314.6:621.38</subfield></datafield><datafield ind1=" " ind2=" " tag="100"><subfield code="a">Sonde,B.S</subfield></datafield><datafield ind1=" " ind2=" " tag="245"><subfield code="a">Power supplies</subfield></datafield><datafield ind1=" " ind2=" " tag="260"><subfield code="a">New Delhi,Tata Mcgraw-hill Publ.Comp.Limited, 1980. Xi+172 P</subfield></datafield><datafield ind1=" " ind2=" " tag="490"><subfield code="a">Monographs On Solid State Electronic Instrumentation</subfield></datafield><datafield ind1=" " ind2=" " tag="852"><subfield code="a">71256</subfield></datafield></record></collection>